<record><leader>00000cas a22000007a 4500</leader><controlfield tag="001">12747409</controlfield><controlfield tag="008">851101d18751876wiuwr ne      0    0eng d</controlfield><datafield ind1=" " ind2=" " tag="010"><subfield code="a">sn 85041348 </subfield></datafield><datafield ind1=" " ind2=" " tag="040"><subfield code="a">NPV</subfield><subfield code="b">eng</subfield><subfield code="c">NPV</subfield><subfield code="d">OCLCQ</subfield></datafield><datafield ind1=" " ind2=" " tag="042"><subfield code="a">msc</subfield></datafield><datafield ind1=" " ind2=" " tag="045"><subfield code="a">w7w7</subfield></datafield><datafield ind1=" " ind2=" " tag="052"><subfield code="a">4123</subfield><subfield code="b">C6</subfield></datafield><datafield ind1="0" ind2="0" tag="245"><subfield code="a">Poynette reporter.</subfield></datafield><datafield ind1=" " ind2=" " tag="260"><subfield code="a">Poynette, Columbia County, Wis. :</subfield><subfield code="b">[s.n.],</subfield><subfield code="c">1875-1876.</subfield></datafield><datafield ind1=" " ind2=" " tag="300"><subfield code="a">1 v.</subfield></datafield><datafield ind1=" " ind2=" " tag="310"><subfield code="a">Weekly</subfield></datafield><datafield ind1="0" ind2=" " tag="362"><subfield code="a">Vol. 1, no. 1 (June 4, 1875)-v. 1, no. 52 (May 26, 1876).</subfield></datafield><datafield ind1=" " ind2=" " tag="500"><subfield code="a">Editor: F.A. Brown.</subfield></datafield><datafield ind1=" " ind2=" " tag="530"><subfield code="a">Available on microfilm from The State Historical Society of Wisconsin.</subfield></datafield><datafield ind1=" " ind2=" " tag="752"><subfield code="a">United States</subfield><subfield code="b">Wisconsin</subfield><subfield code="c">Columbia</subfield><subfield code="d">Poynette.</subfield></datafield><datafield ind1="1" ind2=" " tag="029"><subfield code="a">AU@</subfield><subfield code="b">000025813225</subfield></datafield></record>